<?xml version="1.0" encoding="UTF-8"?><collection xmlns="http://www.loc.gov/MARC21/slim"><record><leader>00374nam--2200121-i-4500</leader><controlfield tag="001">000021278</controlfield><controlfield tag="002">20161230</controlfield><controlfield tag="005">20161230201034</controlfield><controlfield tag="008">060222s1000------------r-----000-0-eng-d</controlfield><datafield ind1=" " ind2=" " tag="100"><subfield code="a">Jamke-emde, Fritz</subfield></datafield><datafield ind1=" " ind2=" " tag="245"><subfield code="a">Tafeln hoherer funktionen. vierte, neubearbeitete auflage. mit 177 textfiguren</subfield></datafield><datafield ind1=" " ind2=" " tag="260"><subfield code="a">Leipzig, B.G.Teubner Verlagsgesellschaft, 1948, Xii + 300 P</subfield></datafield><datafield ind1=" " ind2=" " tag="852"><subfield code="a">648</subfield></datafield></record></collection>